@article{moritz2015sparknet,
  title={SparkNet: Training Deep Networks in Spark},
  author={Moritz, Philipp and Nishihara, Robert and Stoica, Ion and Jordan, Michael I},
  journal={arXiv preprint arXiv:1511.06051},
  year={2015}
}
@inproceedings{dean2012large,
  title={Large scale distributed deep networks},
  author={Dean, Jeffrey and Corrado, Greg and Monga, Rajat and Chen, Kai and Devin, Matthieu and Mao, Mark and Senior, Andrew and Tucker, Paul and Yang, Ke and Le, Quoc V and others},
  booktitle={Advances in Neural Information Processing Systems},
  pages={1223--1231},
  year={2012}
}
@article{iandola2015firecaffe,
  title={FireCaffe: near-linear acceleration of deep neural network training on compute clusters},
  author={Iandola, Forrest N and Ashraf, Khalid and Moskewicz, Mattthew W and Keutzer, Kurt},
  journal={arXiv preprint arXiv:1511.00175},
  year={2015}
}
@inproceedings{zaharia2012resilient,
  title={Resilient distributed datasets: A fault-tolerant abstraction for in-memory cluster computing},
  author={Zaharia, Matei and Chowdhury, Mosharaf and Das, Tathagata and Dave, Ankur and Ma, Justin and McCauley, Murphy and Franklin, Michael J and Shenker, Scott and Stoica, Ion},
  booktitle={Proceedings of the 9th USENIX conference on Networked Systems Design and Implementation},
  pages={2--2},
  year={2012},
  organization={USENIX Association}
}
@article{dean2008mapreduce,
  title={MapReduce: simplified data processing on large clusters},
  author={Dean, Jeffrey and Ghemawat, Sanjay},
  journal={Communications of the ACM},
  volume={51},
  number={1},
  pages={107--113},
  year={2008},
  publisher={ACM}
}
@article{abadi2016tensorflow,
  title={TensorFlow: Large-Scale Machine Learning on Heterogeneous Distributed Systems},
  author={Abadi, Mart{\i}n and Agarwal, Ashish and Barham, Paul and Brevdo, Eugene and Chen, Zhifeng and Citro, Craig and Corrado, Greg S and Davis, Andy and Dean, Jeffrey and Devin, Matthieu and others},
  journal={arXiv preprint arXiv:1603.04467},
  year={2016}
}
@inproceedings{jia2014caffe,
  title={Caffe: Convolutional architecture for fast feature embedding},
  author={Jia, Yangqing and Shelhamer, Evan and Donahue, Jeff and Karayev, Sergey and Long, Jonathan and Girshick, Ross and Guadarrama, Sergio and Darrell, Trevor},
  booktitle={Proceedings of the ACM International Conference on Multimedia},
  pages={675--678},
  year={2014},
  organization={ACM}
}
@inproceedings{ho2013more,
  title={More effective distributed ml via a stale synchronous parallel parameter server},
  author={Ho, Qirong and Cipar, James and Cui, Henggang and Lee, Seunghak and Kim, Jin Kyu and Gibbons, Phillip B and Gibson, Garth A and Ganger, Greg and Xing, Eric P},
  booktitle={Advances in neural information processing systems},
  pages={1223--1231},
  year={2013}
}
@inproceedings{li2013parameter,
  title={Parameter server for distributed machine learning},
  author={Li, Mu and Zhou, Li and Yang, Zichao and Li, Aaron and Xia, Fei and Andersen, David G and Smola, Alexander},
  booktitle={Big Learning NIPS Workshop},
  volume={1},
  year={2013}
}
@inproceedings{recht2011hogwild,
  title={Hogwild: A lock-free approach to parallelizing stochastic gradient descent},
  author={Recht, Benjamin and Re, Christopher and Wright, Stephen and Niu, Feng},
  booktitle={Advances in Neural Information Processing Systems},
  pages={693--701},
  year={2011}
}
@article{gilbert2002brewer,
  title={Brewer's conjecture and the feasibility of consistent, available, partition-tolerant web services},
  author={Gilbert, Seth and Lynch, Nancy},
  journal={ACM SIGACT News},
  volume={33},
  number={2},
  pages={51--59},
  year={2002},
  publisher={ACM}
}
@inproceedings{szegedy2015going,
  title={Going deeper with convolutions},
  author={Szegedy, Christian and Liu, Wei and Jia, Yangqing and Sermanet, Pierre and Reed, Scott and Anguelov, Dragomir and Erhan, Dumitru and Vanhoucke, Vincent and Rabinovich, Andrew},
  booktitle={Proceedings of the IEEE Conference on Computer Vision and Pattern Recognition},
  pages={1--9},
  year={2015}
}
@inproceedings{krizhevsky2012imagenet,
  title={Imagenet classification with deep convolutional neural networks},
  author={Krizhevsky, Alex and Sutskever, Ilya and Hinton, Geoffrey E},
  booktitle={Advances in neural information processing systems},
  pages={1097--1105},
  year={2012}
}
@manual{caffe-on-spark,
    title  = "Large Scale Distributed Deep Learning on Hadoop Clusters",
    author = "Cyprien Noel, Jun Shi and Andy Feng",
    url    = "http://yahoohadoop.tumblr.com/post/129872361846/large-scale-distributed-deep-learning-on-hadoop",
    year   = "2015 (accessed May 17, 2016)"
}
